@inproceedings{zeller,
  title={Javalanche: efficient mutation testing for Java},
  author={Schuler, David and Zeller, Andreas},
  booktitle={Proceedings of the the 7th joint meeting of the European software engineering conference and the ACM SIGSOFT symposium on The foundations of software engineering},
  pages={297--298},
  year={2009},
  organization={ACM}
}

@article{demilo,
  title={Hints on test data selection: Help for the practicing programmer},
  author={DeMillo, Richard A and Lipton, Richard J and Sayward, Frederick G},
  journal={Computer},
  number={4},
  pages={34--41},
  year={1978},
  publisher={IEEE}
}

@article{zeller2,
  title={Mutation-driven generation of unit tests and oracles},
  author={Fraser, Gordon and Zeller, Andreas},
  journal={Software Engineering, IEEE Transactions on},
  volume={38},
  number={2},
  pages={278--292},
  year={2012},
  publisher={IEEE}
}